
@misc{omnetpp,
	title = {Orodje OMNeT++},
	author = {Web source},
	howpublished = "\url{http://www.omnetpp.org/}"
}

@misc{wiki-802.11,
	title = {Wikipedia - IEEE 802.11},
	author = {Web source},
	howpublished = "\url{https://en.wikipedia.org/wiki/IEEE_802.11}"
}